<record><leader>00000cas a2200000 a 4500</leader><controlfield tag="001">38005237</controlfield><controlfield tag="008">971125d1934193ucau x ne      0    0eng c</controlfield><datafield ind1=" " ind2=" " tag="010"><subfield code="a">sn 97069662 </subfield></datafield><datafield ind1=" " ind2=" " tag="040"><subfield code="a">CNK</subfield><subfield code="b">eng</subfield><subfield code="c">CNK</subfield><subfield code="d">OCLCQ</subfield><subfield code="d">CRU</subfield><subfield code="d">CNK</subfield><subfield code="d">OCLCQ</subfield><subfield code="d">OCLCF</subfield><subfield code="d">OCLCO</subfield></datafield><datafield ind1="1" ind2=" " tag="029"><subfield code="a">AU@</subfield><subfield code="b">000013651854</subfield></datafield><datafield ind1=" " ind2=" " tag="042"><subfield code="a">pcc</subfield></datafield><datafield ind1=" " ind2=" " tag="043"><subfield code="a">n-us-ca</subfield></datafield><datafield ind1="1" ind2="4" tag="050"><subfield code="a">F869.R5</subfield><subfield code="b">H39</subfield></datafield><datafield ind1="0" ind2="0" tag="245"><subfield code="a">Hayden's.</subfield></datafield><datafield ind1="3" ind2=" " tag="246"><subfield code="a">Hayden's el monitor</subfield></datafield><datafield ind1="1" ind2="7" tag="246"><subfield code="a">Hayden's weekly</subfield></datafield><datafield ind1=" " ind2=" " tag="260"><subfield code="a">Riverside, Calif. :</subfield><subfield code="b">Irwin Hayden</subfield></datafield><datafield ind1=" " ind2=" " tag="300"><subfield code="a">v.</subfield></datafield><datafield ind1=" " ind2=" " tag="310"><subfield code="a">Irregular,</subfield><subfield code="b">July 28, 1938-</subfield></datafield><datafield ind1=" " ind2=" " tag="321"><subfield code="a">Weekly,</subfield><subfield code="b">May 24, 1934-June 16, 1938</subfield></datafield><datafield ind1="0" ind2=" " tag="362"><subfield code="a">Vol. 2, no. 8 (May 24, 1934)-</subfield></datafield><datafield ind1=" " ind2=" " tag="500"><subfield code="a">"El Monitor" appears in small banner within masthead, May 24-Sept. 14, 1934.</subfield></datafield><datafield ind1=" " ind2=" " tag="515"><subfield code="a">Whole number added to designation with v. 5, no. 2, issue 104, Jan. 2, 1936.</subfield></datafield><datafield ind1=" " ind2=" " tag="515"><subfield code="a">Vol. and number designation dropped with whole no. 232 (Aug. 18, 1938).</subfield></datafield><datafield ind1=" " ind2=" " tag="530"><subfield code="a">Master negatives are available for duplication from:</subfield><subfield code="b">California Newspaper Microfilm Archive;</subfield><subfield code="c">positive copies may be purchased by the reel; for further information consult the CNMA at:</subfield><subfield code="u">http://cbsr.ucr.edu</subfield></datafield><datafield ind1=" " ind2=" " tag="588"><subfield code="a">Latest issue consulted: Whole no. 235 (Dec. 15, 1938).</subfield></datafield><datafield ind1=" " ind2="0" tag="650"><subfield code="a">Political science</subfield><subfield code="z">California</subfield><subfield code="z">Riverside</subfield><subfield code="v">Newspapers.</subfield></datafield><datafield ind1=" " ind2="0" tag="651"><subfield code="a">Riverside (Calif.)</subfield><subfield code="v">Newspapers.</subfield></datafield><datafield ind1=" " ind2="7" tag="655"><subfield code="a">Newspapers.</subfield><subfield code="2">fast</subfield><subfield code="0">(OCoLC)fst01423814</subfield></datafield><datafield ind1=" " ind2="7" tag="650"><subfield code="a">Political science.</subfield><subfield code="2">fast</subfield><subfield code="0">(OCoLC)fst01069781</subfield></datafield><datafield ind1=" " ind2="7" tag="651"><subfield code="a">California</subfield><subfield code="z">Riverside.</subfield><subfield code="2">fast</subfield><subfield code="0">(OCoLC)fst01213640</subfield></datafield><datafield ind1=" " ind2=" " tag="752"><subfield code="a">United States</subfield><subfield code="b">California</subfield><subfield code="c">Riverside</subfield><subfield code="d">Riverside.</subfield></datafield><datafield ind1="0" ind2="0" tag="780"><subfield code="t">Hayden's weekly</subfield><subfield code="w">(DLC)sn 97069661</subfield></datafield></record>